WAKE LOSSES
@article{barthelmie2007modelling,
  title={Modelling and measurements of power losses and turbulence intensity in wind turbine wakes at Middelgrunden offshore wind farm},
  author={Barthelmie, Rebecca Jane and Frandsen, Sten Tron{\ae}s and Nielsen, MN and Pryor, SC and Rethore, P-E and J{\o}rgensen, Hans Ejsing},
  journal={Wind Energy},
  volume={10},
  number={6},
  pages={517--528},
  year={2007},
  publisher={Wiley Online Library}
}


@article{barthelmie2009modelling,
  title={Modelling and measuring flow and wind turbine wakes in large wind farms offshore},
  author={Barthelmie, Rebecca Jane and Hansen, K and Frandsen, Sten Tron{\ae}s and Rathmann, Ole and Schepers, JG and Schlez, W and Phillips, J and Rados, K and Zervos, A and Politis, ES and others},
  journal={Wind Energy},
  volume={12},
  number={5},
  pages={431--444},
  year={2009},
  publisher={Wiley Online Library}
}


@article{briggs2013navigating,
  title={Navigating the complexities of wake losses},
  author={Briggs, K},
  journal={Norik American Windpower},
  volume={10},
  year={2013}
}


GRADIENT-FREE LAYOUT OPTIMIZATION

Monte Carlo turbine layout optimization
@article{marmidis2008optimal,
  title={Optimal placement of wind turbines in a wind park using Monte Carlo simulation},
  author={Marmidis, Grigorios and Lazarou, Stavros and Pyrgioti, Eleftheria},
  journal={Renewable energy},
  volume={33},
  number={7},
  pages={1455--1460},
  year={2008},
  publisher={Elsevier}
}

Genetic Algorithm
@article{kusiak2010design,
  title={Design of wind farm layout for maximum wind energy capture},
  author={Kusiak, Andrew and Song, Zhe},
  journal={Renewable energy},
  volume={35},
  number={3},
  pages={685--694},
  year={2010},
  publisher={Elsevier}
}

GA Optimization
@article{emami2010new,
  title={New approach on optimization in placement of wind turbines within wind farm by genetic algorithms},
  author={Emami, Alireza and Noghreh, Pirooz},
  journal={Renewable Energy},
  volume={35},
  number={7},
  pages={1559--1564},
  year={2010},
  publisher={Elsevier}
}

Virus Optimization Method
@article{ituarte2011optimization,
  title={Optimization of wind turbine placement using a viral based optimization algorithm},
  author={Ituarte-Villarreal, Carlos M and Espiritu, Jose F},
  journal={Procedia Computer Science},
  volume={6},
  pages={469--474},
  year={2011},
  publisher={Elsevier}
}

Random search turbine layout optimization
@article{feng2015solving,
  title={Solving the wind farm layout optimization problem using random search algorithm},
  author={Feng, Ju and Shen, Wen Zhong},
  journal={Renewable Energy},
  volume={78},
  pages={182--192},
  year={2015},
  publisher={Elsevier}
}

Genetic Algorithm Optimization (Hong Kong Case Study)
@article{gao2015wind,
  title={Wind turbine layout optimization using multi-population genetic algorithm and a case study in Hong Kong offshore},
  author={Gao, Xiaoxia and Yang, Hongxing and Lin, Lu and Koo, Prentice},
  journal={Journal of Wind Engineering and Industrial Aerodynamics},
  volume={139},
  pages={89--99},
  year={2015},
  publisher={Elsevier}
}


GRADIENT BASED OPTIMIZATION

@article{perez2013offshore,
  title={Offshore wind farm layout optimization using mathematical programming techniques},
  author={P{\'e}rez, Beatriz and M{\'\i}nguez, Roberto and Guanche, Ra{\'u}l},
  journal={Renewable Energy},
  volume={53},
  pages={389--399},
  year={2013},
  publisher={Elsevier}
}

@article{Ning2016a,
  author = {Ning, Andrew and Petch, Derek},
  doi = {10.1002/we.1972},
  journal = {Wind Energy},
  month = dec,
  number = {12},
  pages = {2137--2152},
  title = {Integrated Design of Downwind Land-Based Wind Turbines Using Analytic Gradients},
  volume = {19},
  year = {2016}
}

@article{guirguis2016toward,
  title={Toward efficient optimization of wind farm layouts: Utilizing exact gradient information},
  author={Guirguis, David and Romero, David A and Amon, Cristina H},
  journal={Applied energy},
  volume={179},
  pages={110--123},
  year={2016},
  publisher={Elsevier}
}



CONVEX LAYOUT OPTIMIZATION

Convex turbine layout optimization
@article{park2015layout,
  title={Layout optimization for maximizing wind farm power production using sequential convex programming},
  author={Park, Jinkyoo and Law, Kincho H},
  journal={Applied Energy},
  volume={151},
  pages={320--334},
  year={2015},
  publisher={Elsevier}
}



YAW CONTROL


@article{jimenez2010application,
  title={Application of a LES technique to characterize the wake deflection of a wind turbine in yaw},
  author={Jim{\'e}nez, {\'A}ngel and Crespo, Antonio and Migoya, Emilio},
  journal={Wind energy},
  volume={13},
  number={6},
  pages={559--572},
  year={2010},
  publisher={Wiley Online Library}
}


@inproceedings{fleming2016detailed,
  title={Detailed field test of yaw-based wake steering},
  author={Fleming, Paul and Churchfield, Matt and Scholbrock, Andrew and Clifton, Andrew and Schreck, Scott and Johnson, Kathryn and Wright, Alan and Gebraad, Pieter and Annoni, Jennifer and Naughton, Brian and others},
  booktitle={Journal of Physics: Conference Series},
  volume={753},
  number={5},
  pages={052003},
  year={2016},
  organization={IOP Publishing}
}

@article{gebraad2017maximization,
  title={Maximization of the annual energy production of wind power plants by optimization of layout and yaw-based wake control},
  author={Gebraad, Pieter and Thomas, Jared J and Ning, Andrew and Fleming, Paul and Dykes, Katherine},
  journal={Wind Energy},
  volume={20},
  number={1},
  pages={97--107},
  year={2017},
  publisher={Wiley Online Library}
}



DIFFERENT HEIGHTS

@article{chen2013wind,
  title={Wind farm layout optimization using genetic algorithm with different hub height wind turbines},
  author={Chen, Ying and Li, Hua and Jin, Kai and Song, Qing},
  journal={Energy Conversion and Management},
  volume={70},
  pages={56--65},
  year={2013},
  publisher={Elsevier}
}


@article{stanley2018,
  title={Optimization of Turbine Design in Wind Farms with Multiple Hub Heights, Using Exact Analytic Gradients and Structural Constraints},
  author={Stanley, Andrew PJ and Ning, Andrew and Dykes, Katherine},
  journal={Wind Energy},
  publisher={Wiley},
  note={in review}
}




DIFFERENT ROTOR DIAMETERS
@inproceedings{chowdhury2010optimizing,
  title={Optimizing the unrestricted placement of turbines of differing rotor diameters in a wind farm for maximum power generation},
  author={Chowdhury, Souma and Messac, Achille and Zhang, Jie and Castillo, Luciano and Lebron, Jose},
  booktitle={ASME 2010 international design engineering technical conferences and computers and information in engineering conference},
  pages={775--790},
  year={2010},
  organization={American Society of Mechanical Engineers}
}


DIFFERENT TURBINE TYPES

@article{chowdhury2013optimizing,
  title={Optimizing the arrangement and the selection of turbines for wind farms subject to varying wind conditions},
  author={Chowdhury, Souma and Zhang, Jie and Messac, Achille and Castillo, Luciano},
  journal={Renewable Energy},
  volume={52},
  pages={273--282},
  year={2013},
  publisher={Elsevier}
}


@article{chen2015multi,
  title={Multi-objective genetic algorithm based innovative wind farm layout optimization method},
  author={Chen, Ying and Li, Hua and He, Bang and Wang, Pengcheng and Jin, Kai},
  journal={Energy Conversion and Management},
  volume={105},
  pages={1318--1327},
  year={2015},
  publisher={Elsevier}
}


FLORIS WAKE MODEL
@article{gebraad2016wind,
  title={Wind plant power optimization through yaw control using a parametric model for wake effectsâ€”a CFD simulation study},
  author={Gebraad, PMO and Teeuwisse, FW and Wingerden, JW and Fleming, Paul A and Ruben, SD and Marden, JR and Pao, LY},
  journal={Wind Energy},
  volume={19},
  number={1},
  pages={95--114},
  year={2016},
  publisher={Wiley Online Library}
}

@article{thomas2017improving,
  title={Improving the FLORIS wind plant model for compatibility with gradient-based optimization},
  author={Thomas, Jared J and Gebraad, Pieter MO and Ning, Andrew},
  journal={Wind Engineering},
  volume={41},
  number={5},
  pages={313--329},
  year={2017},
  publisher={SAGE Publications Sage UK: London, England}
}

JENSEN WAKE MODEL
@article{jensen1983note,
  title={A note on wind generator interaction},
  author={Jensen, Niels Otto},
  year={1983},
  publisher={Ris{\o} National Laboratory Roskilde}
}

WEIBULL WIND SPEED DISTRIBUTION

@article{justus1978methods,
  title={Methods for estimating wind speed frequency distributions},
  author={Justus, CG and Hargraves, WR and Mikhail, Amir and Graber, Denise},
  journal={Journal of applied meteorology},
  volume={17},
  number={3},
  pages={350--353},
  year={1978}
}

@article{rehman1994weibull,
  title={Weibull parameters for wind speed distribution in Saudi Arabia},
  author={Rehman, Shafiqur and Halawani, TO and Husain, Tahir},
  journal={Solar Energy},
  volume={53},
  number={6},
  pages={473--479},
  year={1994},
  publisher={Elsevier}
}

@article{dorvlo2002estimating,
  title={Estimating wind speed distribution},
  author={Dorvlo, Atsu SS},
  journal={Energy Conversion and Management},
  volume={43},
  number={17},
  pages={2311--2318},
  year={2002},
  publisher={Elsevier}
}

TOWERSE

@techreport{ning2013towerse,
  title={TowerSE},
  author={Ning, S Andrew},
  year={2013},
  institution={National Renewable Energy Laboratory (NREL), Golden, CO (United States)}
}

EUROCODE
@article{en19931,
  title={1-1, Eurocode 3: Design of Steel Structures},
  author={EN, CEN},
  journal={Part 1-6: supplementary rules for the shell structures},
  year={1993}
}

TAPENADE

@article{hascoet2013tapenade,
  title={The Tapenade Automatic Differentiation Tool: Principles, Model, and Specification},
  author={Hascoet, Laurent and Pascual, Val{\'e}rie},
  journal={ACM Transactions on Mathematical Software (TOMS)},
  volume={39},
  number={3},
  pages={20},
  year={2013},
  publisher={ACM}
}

FREQUENCY CALC

@article{erturk2011appendix,
  title={Appendix C: Modal Analysis of a Uniform Cantilever With a Tip Mass},
  author={Erturk, Alper and Inman, Daniel J},
  journal={Piezoelectric Energy Harvesting},
  pages={353--366},
  year={2011},
  publisher={Wiley Online Library}
}

BALANCE OF STATION

@inproceedings{BOS,
  title={Land-Based Wind Plant Balance-of-System
Cost Drivers and Sensitivities},
  author={Mone, C and Maples, B. and Hand M.},
  conference={AWEA WINDPOWER},
  year={2014}
}

OPERATING AND MAINTAINANCE

@techreport{mone2013cost,
  title={Cost of Wind Energy Review},
  author={Mon{\'e}, C and Smith, A and Maples, B and Hand, M},
  year={2013},
  institution={NREL/TP-5000-63267. Golden, Colorado: National Renewable Energy Laboratory}
}

@article{dykes2014plant_costsse,
  title={Plant\_CostsSE Documentation version 1.0},
  author={Dykes, K and Scott, G},
  journal={NREL TP forthcoming},
  year={2014}
}

OPENMDAO

@inproceedings{gray2010openmdao,
  title={OpenMDAO: An Open Source Framework for Multidisciplinary Analysis and Optimization},
  author={Gray, Justin and Moore, Kenneth T and Naylor, Bret A},
  booktitle={AIAA/ISSMO Multidisciplinary Analysis Optimization Conference Proceedings},
  volume={5},
  year={2010}
}


RotorSE

@techreport{ning2013rotorse,
  title={RotorSE},
  author={Ning, S Andrew},
  year={2013},
  institution={National Renewable Energy Laboratory (NREL), Golden, CO (United States)}
}



@misc{levelized,
  title={Levelized Cost and Levelized Avoided Cost of New Generation
Resources in the Annual Energy Outlook 2018},
  year={2018},
  month={March},
  author="{U.S. Energy Information Administration}"
}







